@article{berthomieu2006reseaux,
  title={R{\'e}seaux de Petri temporels: m{\'e}thodes dâ€™analyse et v{\'e}rification avec TINA},
  author={Berthomieu, Bernard and Vernadat, Fran{\c{c}}ois},
  journal={Trait{\'e} IC2},
  pages={101},
  year={2006}
}